@article{singer2016sepsis,
  author = {Singer, M. and Deutschman, C. S. and Seymour, C. W.},
  title = {The Third International Consensus Definitions for Sepsis and Septic Shock (Sepsis-3)},
  journal = {JAMA},
  volume = {315},
  number = {8},
  pages = {801--810},
  year = {2016}
}

@article{paoli2018epidemiology,
  author = {Paoli, C. J. and Reynolds, M. A. and Sinha, M.},
  title = {Epidemiology and Costs of Sepsis in the United States},
  journal = {Critical Care Medicine},
  volume = {46},
  number = {12},
  pages = {1889--1897},
  year = {2018}
}

@article{kumar2006duration,
  author = {Kumar, A. and Roberts, D. and Wood, K. E.},
  title = {Duration of Hypotension Before Initiation of Effective Antimicrobial Therapy Is the Critical Determinant of Survival in Human Septic Shock},
  journal = {Critical Care Medicine},
  volume = {34},
  number = {6},
  pages = {1589--1596},
  year = {2006}
}

@article{zhou2025interpretable,
  author = {Zhou, S. and Wang, Y. and Zhang, X.},
  title = {Interpretable Machine Learning for Predicting Sepsis Risk in Emergency Triage Patients},
  journal = {Scientific Reports},
  year = {2025}
}

@article{yadgarov2024early,
  author = {Yadgarov, M. Y. and Smith, J. and Brown, K.},
  title = {Early Detection of Sepsis Using Machine Learning Algorithms: A Systematic Review and Network Meta-Analysis},
  journal = {Frontiers in Medicine},
  year = {2024}
}

@article{hu2024impact,
  author = {Hu, C. and Liu, Z. and Jiang, Y.},
  title = {Impact of a Deep Learning Sepsis Prediction Model on Quality of Care and Survival},
  journal = {npj Digital Medicine},
  year = {2024}
}